<?xml version="1.0" encoding="UTF-8"?><record xmlns="http://www.loc.gov/MARC21/slim" xmlns:cinclude="http://apache.org/cocoon/include/1.0" xmlns:zs="http://www.loc.gov/zing/srw/">
  <leader>00383nz  a2200121n  4500</leader>
  <controlfield tag="001">n  86849402 </controlfield>
  <controlfield tag="003">DLC</controlfield>
  <controlfield tag="005">19860902142614.8</controlfield>
  <controlfield tag="008">860902n| acannaab|          |n aad |||  </controlfield>
  <datafield tag="010" ind1=" " ind2=" ">
    <subfield code="a">n  86849402 </subfield>
  </datafield>
  <datafield tag="040" ind1=" " ind2=" ">
    <subfield code="a">DLC</subfield>
    <subfield code="c">DLC</subfield>
  </datafield>
  <datafield tag="100" ind1="1" ind2="0">
    <subfield code="a">Gordon, Newton C.</subfield>
  </datafield>
  <datafield tag="670" ind1=" " ind2=" ">
    <subfield code="a">nuc86-77978: Psychosedation anesthesia and management ... 1976?</subfield>
    <subfield code="b">(hdg. on CU-M rept.: Gordon, Newton C.; usage: Newton C. Gordon)</subfield>
  </datafield>
</record>